 
@Article{Blank2005,
  author       = {Blank, Lars M and Kuepfer, Lars and Sauer, Uwe},
  date         = {2005},
  journaltitle = {Genome Biology},
  title        = {Large-scale 13C-flux analysis reveals mechanistic principles of metabolic network robustness to null mutations in yeast},
  doi          = {10.1186/gb-2005-6-6-r49},
  issn         = {1465-6906},
  number       = {6},
  pages        = {R49},
  volume       = {6},
  publisher    = {Springer Science and Business Media LLC},
}

 
@Article{Chen2023,
  author       = {Chen, Min and Xie, Tingting and Li, Huan and Zhuang, Yingping and Xia, Jianye and Nielsen, Jens},
  date         = {2023-06},
  journaltitle = {Proceedings of the National Academy of Sciences},
  title        = {Yeast increases glycolytic flux to support higher growth rates accompanied by decreased metabolite regulation and lower protein phosphorylation},
  doi          = {10.1073/pnas.2302779120},
  issn         = {1091-6490},
  number       = {25},
  volume       = {120},
  publisher    = {Proceedings of the National Academy of Sciences},
}

 
@Article{Ewald2013,
  author       = {Ewald, Jennifer Christina and Matt, Tanja and Zamboni, Nicola},
  date         = {2013},
  journaltitle = {Molecular BioSystems},
  title        = {The integrated response of primary metabolites to gene deletions and the environment},
  doi          = {10.1039/c2mb25423a},
  issn         = {1742-2051},
  number       = {3},
  pages        = {440},
  volume       = {9},
  publisher    = {Royal Society of Chemistry (RSC)},
}

 
@Article{Rekena2023,
  author       = {Reķēna, Alīna and Pinheiro, Marina J. and Bonturi, Nemailla and Belouah, Isma and Tammekivi, Eliise and Herodes, Koit and Kerkhoven, Eduard J. and Lahtvee, Petri-Jaan},
  date         = {2023-04},
  journaltitle = {PLOS Computational Biology},
  title        = {Genome-scale metabolic modeling reveals metabolic trade-offs associated with lipid production in Rhodotorula toruloides},
  doi          = {10.1371/journal.pcbi.1011009},
  editor       = {Mahadevan, Radhakrishnan},
  issn         = {1553-7358},
  number       = {4},
  pages        = {e1011009},
  volume       = {19},
  publisher    = {Public Library of Science (PLoS)},
}

 
@Article{Shen2013,
  author       = {Shen, Hongwei and Gong, Zhiwei and Yang, Xiaobing and Jin, Guojie and Bai, Fengwu and Zhao, Zongbao K.},
  date         = {2013-10},
  journaltitle = {Journal of Biotechnology},
  title        = {Kinetics of continuous cultivation of the oleaginous yeast Rhodosporidium toruloides},
  doi          = {10.1016/j.jbiotec.2013.08.010},
  issn         = {0168-1656},
  number       = {1},
  pages        = {85--89},
  volume       = {168},
  publisher    = {Elsevier BV},
}

 
@Article{Tiukova2019,
  author       = {Tiukova, Ievgeniia A. and Prigent, Sylvain and Nielsen, Jens and Sandgren, Mats and Kerkhoven, Eduard J.},
  date         = {2019-09},
  journaltitle = {Biotechnology and Bioengineering},
  title        = {Genome‐scale model of Rhodotorula toruloides metabolism},
  doi          = {10.1002/bit.27162},
  issn         = {1097-0290},
  number       = {12},
  pages        = {3396--3408},
  volume       = {116},
  publisher    = {Wiley},
}

@Comment{jabref-meta: databaseType:biblatex;}
