 
@Article{Blank2005,
  author       = {Blank, Lars M and Kuepfer, Lars and Sauer, Uwe},
  date         = {2005},
  journaltitle = {Genome Biology},
  doi          = {10.1186/gb-2005-6-6-r49},
  issn         = {1465-6906},
  number       = {6},
  pages        = {R49},
  volume       = {6},
  publisher    = {Springer Science and Business Media LLC},
}

 
@Article{Chen2023,
  author       = {Chen, Min and Xie, Tingting and Li, Huan and Zhuang, Yingping and Xia, Jianye and Nielsen, Jens},
  date         = {2023-06},
  journaltitle = {Proceedings of the National Academy of Sciences},
  title        = {Yeast increases glycolytic flux to support higher growth rates accompanied by decreased metabolite regulation and lower protein phosphorylation},
  doi          = {10.1073/pnas.2302779120},
  issn         = {1091-6490},
  number       = {25},
  volume       = {120},
  publisher    = {Proceedings of the National Academy of Sciences},
}

 
@Article{Ewald2013,
  author       = {Ewald, Jennifer Christina and Matt, Tanja and Zamboni, Nicola},
  date         = {2013},
  journaltitle = {Molecular BioSystems},
  title        = {The integrated response of primary metabolites to gene deletions and the environment},
  doi          = {10.1039/c2mb25423a},
  issn         = {1742-2051},
  number       = {3},
  pages        = {440},
  volume       = {9},
  publisher    = {Royal Society of Chemistry (RSC)},
}

 
@Article{Rekena2023,
  author       = {Reķēna, Alīna and Pinheiro, Marina J. and Bonturi, Nemailla and Belouah, Isma and Tammekivi, Eliise and Herodes, Koit and Kerkhoven, Eduard J. and Lahtvee, Petri-Jaan},
  date         = {2023-04},
  journaltitle = {PLOS Computational Biology},
  title        = {Genome-scale metabolic modeling reveals metabolic trade-offs associated with lipid production in Rhodotorula toruloides},
  doi          = {10.1371/journal.pcbi.1011009},
  editor       = {Mahadevan, Radhakrishnan},
  issn         = {1553-7358},
  number       = {4},
  pages        = {e1011009},
  volume       = {19},
  publisher    = {Public Library of Science (PLoS)},
}

 
@Article{Shen2013,
  author       = {Shen, Hongwei and Gong, Zhiwei and Yang, Xiaobing and Jin, Guojie and Bai, Fengwu and Zhao, Zongbao K.},
  date         = {2013-10},
  journaltitle = {Journal of Biotechnology},
  title        = {Kinetics of continuous cultivation of the oleaginous yeast Rhodosporidium toruloides},
  doi          = {10.1016/j.jbiotec.2013.08.010},
  issn         = {0168-1656},
  number       = {1},
  pages        = {85--89},
  volume       = {168},
  publisher    = {Elsevier BV},
}

 
@Article{Tiukova2019,
  author       = {Tiukova, Ievgeniia A. and Prigent, Sylvain and Nielsen, Jens and Sandgren, Mats and Kerkhoven, Eduard J.},
  date         = {2019-09},
  journaltitle = {Biotechnology and Bioengineering},
  title        = {Genome‐scale model of Rhodotorula toruloides metabolism},
  doi          = {10.1002/bit.27162},
  issn         = {1097-0290},
  number       = {12},
  pages        = {3396--3408},
  volume       = {116},
  publisher    = {Wiley},
}

 
@Article{Kerkhoven2014,
  author       = {Kerkhoven, Eduard J. and Lahtvee, Petri-Jaan and Nielsen, Jens},
  date         = {2014-09},
  journaltitle = {FEMS Yeast Research},
  title        = {Applications of computational modeling in metabolic engineering of yeast},
  doi          = {10.1111/1567-1364.12199},
  issn         = {1567-1356},
  pages        = {n/a--n/a},
  publisher    = {Oxford University Press (OUP)},
}

@Book{Voet1995,
  author    = {Voet, Donald and Voet, Judith G.},
  date      = {1995},
  title     = {Biochemistry (2nd ed.)},
  edition   = {2. rev. ed.},
  isbn      = {047158651X},
  location  = {New York [u.a.]},
  pagetotal = {1361},
  publisher = {Wiley},
  subtitle  = {Donald},
  volume    = {[Hauptbd.]},
  ppn_gvk   = {1128100770},
}

 
@Article{Edwards2001,
  author       = {Edwards, Jeremy S. and Ibarra, Rafael U. and Palsson, Bernhard O.},
  date         = {2001-02},
  journaltitle = {Nature Biotechnology},
  title        = {In silico predictions of Escherichia coli metabolic capabilities are consistent with experimental data},
  doi          = {10.1038/84379},
  issn         = {1546-1696},
  number       = {2},
  pages        = {125--130},
  volume       = {19},
  publisher    = {Springer Science and Business Media LLC},
}

 
@Article{Bonarius1997,
  author       = {Bonarius, Hendrik P.J. and Schmid, Georg and Tramper, Johannes},
  date         = {1997-08},
  journaltitle = {Trends in Biotechnology},
  title        = {Flux analysis of underdetermined metabolic networks: the quest for the missing constraints},
  doi          = {10.1016/s0167-7799(97)01067-6},
  issn         = {0167-7799},
  number       = {8},
  pages        = {308--314},
  volume       = {15},
  publisher    = {Elsevier BV},
}

 
@Article{Kerkhoven2022,
  author       = {Kerkhoven, Eduard J},
  date         = {2022-08},
  journaltitle = {Current Opinion in Microbiology},
  title        = {Advances in constraint-based models: methods for improved predictive power based on resource allocation constraints},
  doi          = {10.1016/j.mib.2022.102168},
  issn         = {1369-5274},
  pages        = {102168},
  volume       = {68},
  publisher    = {Elsevier BV},
}

 
@Article{Li2007,
  author       = {Li, Yonghong and Zhao, Zongbao (Kent) and Bai, Fengwu},
  date         = {2007-08},
  journaltitle = {Enzyme and Microbial Technology},
  title        = {High-density cultivation of oleaginous yeast Rhodosporidium toruloides Y4 in fed-batch culture},
  doi          = {10.1016/j.enzmictec.2007.02.008},
  issn         = {0141-0229},
  number       = {3},
  pages        = {312--317},
  volume       = {41},
  publisher    = {Elsevier BV},
}

 
@Article{Buzzini2007,
  author       = {Buzzini, Pietro and Innocenti, Marzia and Turchetti, Benedetta and Libkind, Diego and van Broock, Maria and Mulinacci, Nadia},
  date         = {2007-08},
  journaltitle = {Canadian Journal of Microbiology},
  title        = {Carotenoid profiles of yeasts belonging to the genera Rhodotorula, Rhodosporidium, Sporobolomyces, and Sporidiobolus},
  doi          = {10.1139/w07-068},
  issn         = {1480-3275},
  number       = {8},
  pages        = {1024--1031},
  volume       = {53},
  publisher    = {Canadian Science Publishing},
}

 
@Article{Vorapreeda2012,
  author       = {Vorapreeda, Tayvich and Thammarongtham, Chinae and Cheevadhanarak, Supapon and Laoteng, Kobkul},
  date         = {2012-01},
  journaltitle = {Microbiology},
  title        = {Alternative routes of acetyl-CoA synthesis identified by comparative genomic analysis: involvement in the lipid production of oleaginous yeast and fungi},
  doi          = {10.1099/mic.0.051946-0},
  issn         = {1465-2080},
  number       = {1},
  pages        = {217--228},
  volume       = {158},
  publisher    = {Microbiology Society},
}

 
@Article{Lian2015,
  author       = {Lian, Jiazhang and Zhao, Huimin},
  date         = {2015-03},
  journaltitle = {Journal of Industrial Microbiology and Biotechnology},
  title        = {Recent advances in biosynthesis of fatty acids derived products in Saccharomyces cerevisiae via enhanced supply of precursor metabolites},
  doi          = {10.1007/s10295-014-1518-0},
  issn         = {1367-5435},
  number       = {3},
  pages        = {437--451},
  volume       = {42},
  publisher    = {Oxford University Press (OUP)},
}

 
@Article{Thiele2010,
  author       = {Thiele, Ines and Palsson, Bernhard Ø},
  date         = {2010-01},
  journaltitle = {Nature Protocols},
  title        = {A protocol for generating a high-quality genome-scale metabolic reconstruction},
  doi          = {10.1038/nprot.2009.203},
  issn         = {1750-2799},
  number       = {1},
  pages        = {93--121},
  volume       = {5},
  publisher    = {Springer Science and Business Media LLC},
}

@Comment{jabref-meta: databaseType:biblatex;}
